%% This BibTeX bibliography file was created using BibDesk.
%% http://bibdesk.sourceforge.net/


%% Created for furuyan0906 at 2017-04-30 08:05:11 +0900 


%% Saved with string encoding Unicode (UTF-8) 



@article{soluyanov2016optimizing,
	Author = {Soluyanov, Alexey A and Gresch, Dominik and Troyer, Matthias and Lutchyn, Roman M and Bauer, Bela and Nayak, Chetan},
	Date-Added = {2017-02-15 06:55:42 +0000},
	Date-Modified = {2017-02-15 06:55:42 +0000},
	Journal = {Physical Review B},
	Number = {11},
	Pages = {115317},
	Publisher = {APS},
	Title = {Optimizing spin-orbit splittings in InSb Majorana nanowires},
	Volume = {93},
	Year = {2016}}

@article{meier2007measurement,
	Author = {Meier, Lorenz and Salis, Gian and Shorubalko, Ivan and Gini, Emilio and Sch{\"o}n, Silke and Ensslin, Klaus},
	Date-Added = {2017-02-15 06:22:25 +0000},
	Date-Modified = {2017-02-15 06:22:25 +0000},
	Journal = {Nature Physics},
	Number = {9},
	Pages = {650--654},
	Publisher = {Nature Publishing Group},
	Title = {Measurement of Rashba and Dresselhaus spin--orbit magnetic fields},
	Volume = {3},
	Year = {2007}}

@book{saito2009nonequilibrium,
	Author = {斎藤圭司},
	Date-Added = {2017-02-14 09:34:26 +0000},
	Date-Modified = {2017-02-14 09:37:00 +0000},
	Title = {非平衡輸送現象 : 輸送現象における計数統計を学ぶため 非平衡輸送現象 : 輸送現象における計数統計を学ぶため の基礎(講義ノート)},
	Year = {2009}}

@article{levitov1996electron,
	Author = {Levitov, Leonid S and Lee, Hyunwoo and Lesovik, Gordey B},
	Date-Added = {2017-02-14 09:33:38 +0000},
	Date-Modified = {2017-02-14 09:33:38 +0000},
	Journal = {Journal of Mathematical Physics},
	Number = {10},
	Pages = {4845--4866},
	Publisher = {AIP},
	Title = {Electron counting statistics and coherent states of electric current},
	Volume = {37},
	Year = {1996}}

@article{utsumi2007full,
	Author = {Utsumi, Yasuhiro},
	Date-Added = {2017-02-14 09:22:42 +0000},
	Date-Modified = {2017-02-14 09:22:57 +0000},
	Journal = {Phys. Rev. B},
	Number = {3},
	Pages = {035333},
	Publisher = {APS},
	Title = {Full counting statistics for the number of electrons in a quantum dot},
	Volume = {75},
	Year = {2007}}

@article{hradil1997quantum,
	Author = {Hradil, Zdenek},
	Date-Added = {2017-01-27 06:15:18 +0000},
	Date-Modified = {2017-01-27 06:15:27 +0000},
	Journal = {Phys. Rev. A.},
	Number = {3},
	Pages = {R1561},
	Publisher = {APS},
	Title = {Quantum-state estimation},
	Volume = {55},
	Year = {1997}}

@article{levitov1993charge,
	Author = {Levitov, LS and Lesovik, GB},
	Date-Added = {2017-01-25 13:20:07 +0000},
	Date-Modified = {2017-01-25 13:20:57 +0000},
	Journal = {JETP Lett.},
	Pages = {230--230},
	Publisher = {AMERICAN INSTITUTE OF PHYSICS},
	Title = {Charge distribution in quantum shot noise},
	Volume = {58},
	Year = {1993}}

@article{utsumi2009fluctuation,
	Author = {Utsumi, Yasuhiro and Saito, Keiji},
	Date-Added = {2017-01-25 13:18:32 +0000},
	Date-Modified = {2017-01-25 13:18:42 +0000},
	Journal = {Phys. Rev. B.},
	Number = {23},
	Pages = {235311},
	Publisher = {APS},
	Title = {Fluctuation theorem in a quantum-dot Aharonov-Bohm interferometer},
	Volume = {79},
	Year = {2009}}

@article{saito2008symmetry,
	Author = {Saito, Keiji and Utsumi, Yasuhiro},
	Date-Added = {2017-01-25 13:17:30 +0000},
	Date-Modified = {2017-01-25 13:17:39 +0000},
	Journal = {Phys. Rev. B.},
	Number = {11},
	Pages = {115429},
	Publisher = {APS},
	Title = {Symmetry in full counting statistics, fluctuation theorem, and relations among nonlinear transport coefficients in the presence of a magnetic field},
	Volume = {78},
	Year = {2008}}

@article{saito2007fluctuation,
	Author = {Saito, Keiji and Dhar, Abhishek},
	Date-Added = {2017-01-25 13:15:53 +0000},
	Date-Modified = {2017-01-25 13:16:02 +0000},
	Journal = {Phys Rev. Lett.},
	Number = {18},
	Pages = {180601},
	Publisher = {APS},
	Title = {Fluctuation theorem in quantum heat conduction},
	Volume = {99},
	Year = {2007}}

@article{zawadzki1971elastic,
	Author = {Zawadzki, W and Szyma{\'n}ska, W},
	Date-Added = {2017-01-25 06:31:04 +0000},
	Date-Modified = {2017-01-25 06:31:04 +0000},
	Journal = {physica status solidi (b)},
	Number = {2},
	Pages = {415--432},
	Publisher = {Wiley Online Library},
	Title = {Elastic Electron Scattering in InSb-Type Semiconductors},
	Volume = {45},
	Year = {1971}}

@article{clerk2010introduction,
	Author = {Clerk, Aashish A and Devoret, Michel H and Girvin, Steven M and Marquardt, Florian and Schoelkopf, Robert J},
	Date-Added = {2017-01-24 13:45:36 +0000},
	Date-Modified = {2017-01-24 13:45:36 +0000},
	Journal = {Reviews of Modern Physics},
	Number = {2},
	Pages = {1155},
	Publisher = {APS},
	Title = {Introduction to quantum noise, measurement, and amplification},
	Volume = {82},
	Year = {2010},
	Bdsk-Url-1 = {http://journals.aps.org/rmp/abstract/10.1103/RevModPhys.82.1155}}

@article{fujitani2010jarzynski,
	Author = {Fujitani, Youhei and Suzuki, Hiroyuki},
	Date-Added = {2017-01-24 13:43:46 +0000},
	Date-Modified = {2017-01-24 13:43:46 +0000},
	Journal = {Journal of the Physical Society of Japan},
	Number = {10},
	Pages = {104003},
	Publisher = {The Physical Society of Japan},
	Title = {Jarzynski equality modified in the linear feedback system},
	Volume = {79},
	Year = {2010},
	Bdsk-Url-1 = {http://jn2xs2wb8u.search.serialssolutions.com/?ctx_ver=Z39.88-2004&ctx_enc=info%3Aofi%2Fenc%3AUTF-8&rfr_id=info%3Asid%2Fsummon.serialssolutions.com&rft_val_fmt=info%3Aofi%2Ffmt%3Akev%3Amtx%3Ajournal&rft.genre=article&rft.atitle=Jarzynski+Equality+Modified+in+the+Linear+Feedback+System&rft.jtitle=Journal+of+the+Physical+Society+of+Japan&rft.au=Fujitani%2C+Youhei&rft.au=Suzuki%2C+Hiroyuki&rft.date=2010-10-15&rft.issn=0031-9015&rft.eissn=1347-4073&rft.volume=79&rft.issue=10&rft.spage=104003&rft_id=info:doi/10.1143%2FJPSJ.79.104003&rft.externalDBID=n%2Fa&rft.externalDocID=10_1143_JPSJ_79_104003&paramdict=ja}}

@article{imoto2013photon,
	Author = {井元信之},
	Date-Added = {2017-01-24 05:52:42 +0000},
	Date-Modified = {2017-01-24 05:58:11 +0000},
	Month = {10},
	Pages = {484-493},
	Publisher = {応用物理学会},
	Title = {光を用いた量子測定研究の進展と今後の展望},
	Volume = {42},
	Year = {2013}}

@article{petta2001studies,
	Author = {Petta, JR and Ralph, DC},
	Date-Added = {2017-01-24 05:47:52 +0000},
	Date-Modified = {2017-01-24 06:17:36 +0000},
	Journal = {Phys Rev. Lett.},
	Number = {26},
	Pages = {266801},
	Publisher = {APS},
	Title = {Studies of spin-orbit scattering in noble-metal nanoparticles using energy-level tunneling spectroscopy},
	Volume = {87},
	Year = {2001}}

@article{tang2014full,
	Author = {Tang, Gao-Min and Wang, Jian},
	Date-Added = {2017-01-21 08:27:15 +0000},
	Date-Modified = {2017-01-24 06:10:15 +0000},
	Journal = {Phys. Rev. B.},
	Number = {19},
	Pages = {195422},
	Publisher = {APS},
	Title = {Full-counting statistics of charge and spin transport in the transient regime: A nonequilibrium Green's function approach},
	Volume = {90},
	Year = {2014},
	Bdsk-Url-1 = {http://journals.aps.org/prb/abstract/10.1103/PhysRevB.90.195422}}

@article{nakazato2006solution,
	Author = {Nakazato, Hida and Hida, Y and Yuasa, K and Militello, B and Napoli, A and Messina, A},
	Date-Added = {2017-01-21 06:01:30 +0000},
	Date-Modified = {2017-01-24 06:16:33 +0000},
	Journal = {Phys. Rev. A.},
	Number = {6},
	Pages = {062113},
	Publisher = {APS},
	Title = {Solution of the Lindblad equation in the Kraus representation},
	Volume = {74},
	Year = {2006},
	Bdsk-Url-1 = {http://journals.aps.org/pra/abstract/10.1103/PhysRevA.74.062113}}

@article{plenio1998quantum,
	Author = {Plenio, MB and Knight, PL},
	Date-Added = {2017-01-18 09:24:46 +0000},
	Date-Modified = {2017-01-24 06:17:46 +0000},
	Journal = {Rev. Mod. Phys.},
	Number = {1},
	Pages = {101},
	Publisher = {APS},
	Title = {The quantum-jump approach to dissipative dynamics in quantum optics},
	Volume = {70},
	Year = {1998},
	Bdsk-Url-1 = {http://journals.aps.org/rmp/abstract/10.1103/RevModPhys.70.101}}

@article{monnai2005unified,
	Author = {Monnai, T},
	Date-Added = {2017-01-18 08:58:48 +0000},
	Date-Modified = {2017-01-24 06:18:24 +0000},
	Journal = {Phys. Rev. E.},
	Number = {2},
	Pages = {027102},
	Publisher = {APS},
	Title = {Unified treatment of the quantum fluctuation theorem and the Jarzynski equality in terms of microscopic reversibility},
	Volume = {72},
	Year = {2005}}

@article{lindblad1976generators,
	Author = {Lindblad, Goran},
	Date-Added = {2017-01-18 08:56:22 +0000},
	Date-Modified = {2017-01-24 06:13:16 +0000},
	Journal = {Comm. Math. Phys.},
	Number = {2},
	Pages = {119--130},
	Publisher = {Springer},
	Title = {On the generators of quantum dynamical semigroups},
	Volume = {48},
	Year = {1976}}

@article{sherson2006quantum,
	Author = {Sherson, Jacob F and Krauter, Hanna and Olsson, Rasmus K and Julsgaard, Brian and Hammerer, Klemens and Cirac, Ignacio and Polzik, Eugene S},
	Date-Added = {2017-01-16 11:14:01 +0000},
	Date-Modified = {2017-01-16 11:14:01 +0000},
	Journal = {Nature},
	Number = {7111},
	Pages = {557--560},
	Publisher = {Nature Publishing Group},
	Title = {Quantum teleportation between light and matter},
	Volume = {443},
	Year = {2006},
	Bdsk-Url-1 = {http://www.nature.com/nature/journal/v443/n7111/full/nature05136.html}}

@article{park2002coulomb,
	Author = {Park, Jiwoong and Pasupathy, Abhay N and Goldsmith, Jonas I and Chang, Connie and Yaish, Yuval and Petta, Jason R and Rinkoski, Marie and Sethna, James P and Abru{\~n}a, H{\'e}ctor D and McEuen, Paul L and others},
	Date-Added = {2017-01-16 10:41:56 +0000},
	Date-Modified = {2017-01-16 10:41:56 +0000},
	Journal = {Nature},
	Number = {6890},
	Pages = {722--725},
	Publisher = {Nature Publishing Group},
	Title = {Coulomb blockade and the Kondo effect in single-atom transistors},
	Volume = {417},
	Year = {2002}}

@article{grove2012magnetic,
	Author = {Grove-Rasmussen, Kasper and Grap, S and Paaske, Jens and Flensberg, Karsten and Andergassen, Sabine and Meden, Volker and J{\o}rgensen, Henrik Ingerslev and Muraki, K and Fujisawa, T},
	Date-Added = {2017-01-16 09:35:50 +0000},
	Date-Modified = {2017-01-24 06:11:27 +0000},
	Journal = {Phys Rev. Lett.},
	Number = {17},
	Pages = {176802},
	Publisher = {APS},
	Title = {Magnetic-field dependence of tunnel couplings in carbon nanotube quantum dots},
	Volume = {108},
	Year = {2012}}

@article{taylor2005solid,
	Author = {Taylor, JM and D{\"u}r, W and Zoller, P and Yacoby, A and Marcus, CM and Lukin, MD},
	Date-Added = {2017-01-16 09:01:53 +0000},
	Date-Modified = {2017-01-24 06:16:28 +0000},
	Journal = {Phys Rev. Lett.},
	Number = {23},
	Pages = {236803},
	Publisher = {APS},
	Title = {Solid-state circuit for spin entanglement generation and purification},
	Volume = {94},
	Year = {2005}}

@article{reina2000quantum,
	Author = {Reina, John H and Johnson, Neil F},
	Date-Added = {2017-01-16 08:46:01 +0000},
	Date-Modified = {2017-01-24 06:14:47 +0000},
	Journal = {Phys. Rev. A.},
	Number = {1},
	Pages = {012303},
	Publisher = {APS},
	Title = {Quantum teleportation in a solid-state system},
	Volume = {63},
	Year = {2000}}

@article{friis2013relativistic,
	Author = {Friis, Nicolai and Lee, Antony R and Truong, Kevin and Sab{\'\i}n, Carlos and Solano, Enrique and Johansson, G{\"o}ran and Fuentes, Ivette},
	Date-Added = {2017-01-16 08:45:06 +0000},
	Date-Modified = {2017-01-24 06:15:46 +0000},
	Journal = {Phys Rev. Lett.},
	Number = {11},
	Pages = {113602},
	Publisher = {APS},
	Title = {Relativistic quantum teleportation with superconducting circuits},
	Volume = {110},
	Year = {2013}}

@article{zubairy1998quantum,
	Author = {Zubairy, M Suhail},
	Date-Added = {2017-01-16 08:42:28 +0000},
	Date-Modified = {2017-01-24 06:14:53 +0000},
	Journal = {Phys. Rev. A.},
	Number = {6},
	Pages = {4368},
	Publisher = {APS},
	Title = {Quantum teleportation of a field state},
	Volume = {58},
	Year = {1998}}

@book{gerry2005introductory,
	Author = {Gerry, Christopher and Knight, Peter},
	Date-Added = {2017-01-16 08:00:39 +0000},
	Date-Modified = {2017-01-16 08:00:39 +0000},
	Publisher = {Cambridge university press},
	Title = {Introductory quantum optics},
	Year = {2005}}

@article{hofer2013time,
	Author = {Hofer, Sebastian G and Vasilyev, Denis V and Aspelmeyer, Markus and Hammerer, Klemens},
	Date-Added = {2017-01-16 07:26:20 +0000},
	Date-Modified = {2017-01-24 06:17:50 +0000},
	Journal = {Phys Rev. Lett.},
	Number = {17},
	Pages = {170404},
	Publisher = {APS},
	Title = {Time-continuous bell measurements},
	Volume = {111},
	Year = {2013},
	Bdsk-Url-1 = {http://journals.aps.org/prl/abstract/10.1103/PhysRevLett.111.170404}}

@book{ueda2004modern,
	Author = {上田正仁},
	Date-Added = {2017-01-16 06:57:19 +0000},
	Date-Modified = {2017-01-16 06:58:07 +0000},
	Publisher = {培風館},
	Title = {現代量子物理学[基礎と応用]},
	Year = {2004}}

@book{feynman2005quantum,
	Author = {Feynman, Richard Phillips and Hibbs, Albert R and Styer, Daniel F},
	Date-Added = {2017-01-16 06:57:15 +0000},
	Date-Modified = {2017-01-16 06:57:15 +0000},
	Publisher = {Courier Corporation},
	Title = {Quantum mechanics and path integrals},
	Year = {2005}}

@book{hosoya2009quantum,
	Author = {細谷暁夫},
	Date-Added = {2017-01-16 06:54:44 +0000},
	Date-Modified = {2017-01-16 06:55:57 +0000},
	Publisher = {サイエンス社},
	Title = {量子コンピュータの基礎[第2版]},
	Year = {2009}}

@book{koashi2008quantum,
	Author = {小芦雅斗 and 小柴健史},
	Date-Added = {2017-01-16 06:53:30 +0000},
	Date-Modified = {2017-01-16 06:54:41 +0000},
	Publisher = {サイエンス社},
	Title = {量子暗号理論の展開},
	Year = {2008}}

@book{hotta2014quantum,
	Author = {堀田昌寛},
	Date-Added = {2017-01-16 06:48:51 +0000},
	Date-Modified = {2017-01-16 06:52:17 +0000},
	Publisher = {サイエンス社},
	Title = {量子情報と時空の物理},
	Year = {2014}}

@book{kamenev2011field,
	Author = {Kamenev, Alex},
	Date-Added = {2017-01-16 06:48:38 +0000},
	Date-Modified = {2017-01-16 06:48:38 +0000},
	Publisher = {Cambridge University Press},
	Title = {Field theory of non-equilibrium systems},
	Year = {2011}}

@book{sagawa2016quantum,
	Author = {沙川貴大 and 上田正仁},
	Date-Added = {2017-01-16 06:46:10 +0000},
	Date-Modified = {2017-01-16 06:53:21 +0000},
	Publisher = {サイエンス社},
	Title = {量子測定と量子制御},
	Year = {2016}}

@book{katsumoto2014semiconductor,
	Author = {勝本信吾},
	Date-Added = {2017-01-16 06:42:58 +0000},
	Date-Modified = {2017-01-16 06:52:04 +0000},
	Publisher = {培風館},
	Title = {半導体量子輸送物性},
	Year = {2014}}

@incollection{kouwenhoven1997electron,
	Author = {Kouwenhoven, Leo P and Marcus, Charles M and McEuen, Paul L and Tarucha, Seigo and Westervelt, Robert M and Wingreen, Ned S},
	Booktitle = {Mesoscopic electron transport},
	Date-Added = {2017-01-15 12:52:48 +0000},
	Date-Modified = {2017-01-15 12:52:48 +0000},
	Pages = {105--214},
	Publisher = {Springer},
	Title = {Electron transport in quantum dots},
	Year = {1997}}

@article{kouwenhoven2001few,
	Author = {Kouwenhoven, Leo P and Austing, DG and Tarucha, Seigo},
	Date-Added = {2017-01-15 12:49:51 +0000},
	Date-Modified = {2017-01-24 06:09:54 +0000},
	Journal = {Rep. Prog. Phys},
	Number = {6},
	Pages = {701},
	Publisher = {IOP Publishing},
	Title = {Few-electron quantum dots},
	Volume = {64},
	Year = {2001}}

@article{gueron1999tunneling,
	Author = {Gu{\'e}ron, S and Deshmukh, Mandar M and Myers, EB and Ralph, DC},
	Date-Added = {2017-01-15 12:40:45 +0000},
	Date-Modified = {2017-01-24 06:18:12 +0000},
	Journal = {Phys Rev. Lett.},
	Number = {20},
	Pages = {4148},
	Publisher = {APS},
	Title = {Tunneling via individual electronic states in ferromagnetic nanoparticles},
	Volume = {83},
	Year = {1999}}

@article{ralph1995spectroscopic,
	Author = {Ralph, DC and Black, CT and Tinkham, M},
	Date-Added = {2017-01-15 12:30:37 +0000},
	Date-Modified = {2017-01-24 06:16:37 +0000},
	Journal = {Phys Rev. Lett.},
	Number = {16},
	Pages = {3241},
	Publisher = {APS},
	Title = {Spectroscopic measurements of discrete electronic states in single metal particles},
	Volume = {74},
	Year = {1995}}

@article{hanson2007spins,
	Author = {Hanson, R and Kouwenhoven, LP and Petta, JR and Tarucha, Seigo and Vandersypen, LMK},
	Date-Added = {2017-01-15 08:24:29 +0000},
	Date-Modified = {2017-01-24 06:17:28 +0000},
	Journal = {Rev. Mod. Phys.},
	Number = {4},
	Pages = {1217},
	Publisher = {APS},
	Title = {Spins in few-electron quantum dots},
	Volume = {79},
	Year = {2007},
	Bdsk-Url-1 = {http://journals.aps.org/rmp/abstract/10.1103/RevModPhys.79.1217}}

@article{coffman2000distributed,
	Author = {Coffman, Valerie and Kundu, Joydip and Wootters, William K},
	Date-Added = {2017-01-15 08:01:01 +0000},
	Date-Modified = {2017-01-24 06:08:34 +0000},
	Journal = {Phys. Rev. A.},
	Number = {5},
	Pages = {052306},
	Publisher = {APS},
	Title = {Distributed entanglement},
	Volume = {61},
	Year = {2000}}

@article{bennett1996mixed,
	Author = {Bennett, Charles H and DiVincenzo, David P and Smolin, John A and Wootters, William K},
	Date-Added = {2017-01-15 08:00:38 +0000},
	Date-Modified = {2017-01-24 06:11:32 +0000},
	Journal = {Phys. Rev. A.},
	Number = {5},
	Pages = {3824},
	Publisher = {APS},
	Title = {Mixed-state entanglement and quantum error correction},
	Volume = {54},
	Year = {1996}}

@article{pustilnik2004kondo,
	Author = {Pustilnik, Michael and Glazman, Leonid},
	Date-Added = {2017-01-15 07:16:47 +0000},
	Date-Modified = {2017-01-24 06:11:05 +0000},
	Journal = {Journal of Physics: Cond. Mat.},
	Number = {16},
	Pages = {R513},
	Publisher = {IOP Publishing},
	Title = {Kondo effect in quantum dots},
	Volume = {16},
	Year = {2004}}

@article{lindenberg2000time,
	Author = {Lindenberg, AM and Kang, I and Johnson, S Lee and Missalla, T and Heimann, PA and Chang, Z and Larsson, J{\"o}rgen and Bucksbaum, PH and Kapteyn, HC and Padmore, HA and others},
	Date-Added = {2017-01-15 06:33:58 +0000},
	Date-Modified = {2017-01-24 06:18:09 +0000},
	Journal = {Phys Rev. Lett.},
	Number = {1},
	Pages = {111},
	Publisher = {APS},
	Title = {Time-resolved x-ray diffraction from coherent phonons during a laser-induced phase transition},
	Volume = {84},
	Year = {2000}}

@article{chin1999ultrafast,
	Author = {Chin, AH and Schoenlein, RW and Glover, TE and Balling, Peter and Leemans, WP and Shank, CV},
	Date-Added = {2017-01-15 06:32:38 +0000},
	Date-Modified = {2017-01-24 06:18:19 +0000},
	Journal = {Phys Rev. Lett.},
	Number = {2},
	Pages = {336},
	Publisher = {APS},
	Title = {Ultrafast structural dynamics in InSb probed by time-resolved x-ray diffraction},
	Volume = {83},
	Year = {1999}}

@article{kallaher2010spin,
	Author = {Kallaher, RL and Heremans, JJ and Goel, N and Chung, SJ and Santos, MB},
	Date-Added = {2017-01-15 06:31:21 +0000},
	Date-Modified = {2017-01-24 06:17:23 +0000},
	Journal = {Phys. Rev. B.},
	Number = {7},
	Pages = {075303},
	Publisher = {APS},
	Title = {Spin-orbit interaction determined by antilocalization in an InSb quantum well},
	Volume = {81},
	Year = {2010},
	Bdsk-Url-1 = {http://journals.aps.org/prb/abstract/10.1103/PhysRevB.81.075303}}

@article{khodaparast2004spectroscopy,
	Author = {Khodaparast, GA and Doezema, RE and Chung, SJ and Goldammer, KJ and Santos, MB},
	Date-Added = {2017-01-15 06:29:31 +0000},
	Date-Modified = {2017-01-24 06:16:43 +0000},
	Journal = {Phys. Rev. B.},
	Number = {15},
	Pages = {155322},
	Publisher = {APS},
	Title = {Spectroscopy of Rashba spin splitting in InSb quantum wells},
	Volume = {70},
	Year = {2004}}

@article{khodaparast2004spin,
	Author = {Khodaparast, GA and Meyer, RC and Zhang, XH and Kasturiarachchi, T and Doezema, RE and Chung, SJ and Goel, N and Santos, MB and Wang, YJ},
	Date-Added = {2017-01-15 04:55:52 +0000},
	Date-Modified = {2017-01-15 04:55:52 +0000},
	Journal = {Physica E: Low-dimensional Systems and Nanostructures},
	Number = {3},
	Pages = {386--391},
	Publisher = {Elsevier},
	Title = {Spin effects in InSb quantum wells},
	Volume = {20},
	Year = {2004},
	Bdsk-Url-1 = {http://www.sciencedirect.com/science/article/pii/S1386947703004545}}

@article{leontiadou2011experimental,
	Author = {Leontiadou, MA and Litvinenko, KL and Gilbertson, AM and Pidgeon, CR and Branford, WR and Cohen, LF and Fearn, M and Ashley, Tim and Emeny, MT and Murdin, BN and others},
	Date-Added = {2017-01-15 04:54:39 +0000},
	Date-Modified = {2017-01-24 06:09:36 +0000},
	Journal = {Journal of Physics: Cond. Mat.},
	Number = {3},
	Pages = {035801},
	Publisher = {IOP Publishing},
	Title = {Experimental determination of the Rashba coefficient in InSb/InAlSb quantum wells at zero magnetic field and elevated temperatures},
	Volume = {23},
	Year = {2011}}

@article{zhang2006rashba,
	Author = {Zhang, XW and Xia, JB},
	Date-Added = {2017-01-15 04:53:51 +0000},
	Date-Modified = {2017-01-24 06:15:24 +0000},
	Journal = {Phys. Rev. B.},
	Number = {7},
	Pages = {075304},
	Publisher = {APS},
	Title = {Rashba spin-orbit coupling in InSb nanowires under transverse electric field},
	Volume = {74},
	Year = {2006}}

@article{dresselhaus1955spin,
	Author = {Dresselhaus, G},
	Date-Added = {2017-01-15 04:52:56 +0000},
	Date-Modified = {2017-01-24 06:17:09 +0000},
	Journal = {Phys. Rev.},
	Number = {2},
	Pages = {580},
	Publisher = {APS},
	Title = {Spin-orbit coupling effects in zinc blende structures},
	Volume = {100},
	Year = {1955},
	Bdsk-Url-1 = {http://journals.aps.org/pr/abstract/10.1103/PhysRev.100.580}}

@article{bychkov1984properties,
	Author = {Bychkov, Yu A and Rashba, EI},
	Date-Added = {2017-01-15 04:48:34 +0000},
	Date-Modified = {2017-01-15 04:48:34 +0000},
	Journal = {JETP lett},
	Number = {2},
	Pages = {78},
	Title = {Properties of a 2D electron gas with lifted spectral degeneracy},
	Volume = {39},
	Year = {1984}}

@article{wootters1998entanglement,
	Author = {Wootters, William K},
	Date-Added = {2017-01-14 17:12:17 +0000},
	Date-Modified = {2017-01-24 06:09:08 +0000},
	Journal = {Phys Rev. Lett.},
	Number = {10},
	Pages = {2245},
	Publisher = {APS},
	Title = {Entanglement of formation of an arbitrary state of two qubits},
	Volume = {80},
	Year = {1998}}

@article{engel2005fermionic,
	Author = {Engel, Hans-Andreas and Loss, Daniel},
	Date-Added = {2017-01-14 16:41:06 +0000},
	Date-Modified = {2017-01-14 16:41:06 +0000},
	Journal = {Science},
	Number = {5734},
	Pages = {586--588},
	Publisher = {American Association for the Advancement of Science},
	Title = {Fermionic bell-state analyzer for spin qubits},
	Volume = {309},
	Year = {2005}}

@article{yokoshi2010proposal,
	Author = {Yokoshi, Nobuhiko and Imamura, Hiroshi and Kosaka, Hideo},
	Date-Added = {2017-01-14 16:33:02 +0000},
	Date-Modified = {2017-01-24 06:14:05 +0000},
	Journal = {Phys. Rev. B.},
	Number = {16},
	Pages = {161305},
	Publisher = {APS},
	Title = {Proposal of a full Bell state analyzer for spin qubits in a double quantum dot},
	Volume = {81},
	Year = {2010},
	Bdsk-Url-1 = {http://journals.aps.org/prb/abstract/10.1103/PhysRevB.81.161305}}

@article{stace2004continuous,
	Author = {Stace, TM and Barrett, SD},
	Date-Added = {2016-09-08 04:34:52 +0000},
	Date-Modified = {2017-01-24 06:07:30 +0000},
	Journal = {Phys Rev. Lett.},
	Number = {13},
	Pages = {136802},
	Publisher = {APS},
	Title = {Continuous quantum measurement: Inelastic tunneling and lack of current oscillations},
	Volume = {92},
	Year = {2004},
	Bdsk-Url-1 = {http://journals.aps.org/prl/abstract/10.1103/PhysRevLett.92.136802}}

@article{campisi2011colloquium,
	Author = {Campisi, Michele and H{\"a}nggi, Peter and Talkner, Peter},
	Date-Added = {2016-09-06 12:39:41 +0000},
	Date-Modified = {2017-01-24 06:07:18 +0000},
	Journal = {Rev. Mod. Phys.},
	Number = {3},
	Pages = {771},
	Publisher = {APS},
	Title = {Colloquium: Quantum fluctuation relations: Foundations and applications},
	Volume = {83},
	Year = {2011},
	Bdsk-Url-1 = {http://journals.aps.org.ezproxy.tulips.tsukuba.ac.jp/rmp/abstract/10.1103/RevModPhys.83.771}}

@article{jauho1994time,
	Author = {Jauho, Antti-Pekka and Wingreen, Ned S and Meir, Yigal},
	Date-Added = {2016-09-06 00:29:06 +0000},
	Date-Modified = {2017-01-24 06:18:04 +0000},
	Journal = {Phys. Rev. B.},
	Number = {8},
	Pages = {5528},
	Publisher = {APS},
	Title = {Time-dependent transport in interacting and noninteracting resonant-tunneling systems},
	Volume = {50},
	Year = {1994},
	Bdsk-Url-1 = {http://journals.aps.org/prb/abstract/10.1103/PhysRevB.50.5528}}

@article{yosida1957magnetic,
	Author = {Yosida, Kei},
	Date-Added = {2016-09-05 05:22:27 +0000},
	Date-Modified = {2017-01-24 06:11:19 +0000},
	Journal = {Phys. Rev.},
	Number = {5},
	Pages = {893},
	Publisher = {APS},
	Title = {Magnetic properties of Cu-Mn alloys},
	Volume = {106},
	Year = {1957},
	Bdsk-Url-1 = {http://journals.aps.org/pr/abstract/10.1103/PhysRev.106.893}}

@article{kasuya1956theory,
	Author = {Kasuya, Tadao},
	Date-Added = {2016-09-05 05:21:32 +0000},
	Date-Modified = {2017-01-24 06:06:15 +0000},
	Journal = {Prog. Theo. Phys.},
	Number = {1},
	Pages = {45--57},
	Publisher = {Oxford University Press},
	Title = {A theory of metallic ferro-and antiferromagnetism on Zener's model},
	Volume = {16},
	Year = {1956},
	Bdsk-Url-1 = {http://ptp.oxfordjournals.org/content/16/1/45.abstract}}

@article{ruderman1954indirect,
	Author = {Ruderman, Melvin A and Kittel, Charles},
	Date-Added = {2016-09-05 05:18:21 +0000},
	Date-Modified = {2017-01-24 06:10:49 +0000},
	Journal = {Phys. Rev.},
	Number = {1},
	Pages = {99},
	Publisher = {APS},
	Title = {Indirect exchange coupling of nuclear magnetic moments by conduction electrons},
	Volume = {96},
	Year = {1954},
	Bdsk-Url-1 = {http://journals.aps.org/pr/abstract/10.1103/PhysRev.96.99}}

@article{kondo1964resistance,
	Author = {Kondo, Jun},
	Date-Added = {2016-09-05 04:51:25 +0000},
	Date-Modified = {2017-01-24 06:15:58 +0000},
	Journal = {Prog. Theo. Phys.},
	Number = {1},
	Pages = {37--49},
	Publisher = {Oxford University Press},
	Title = {Resistance minimum in dilute magnetic alloys},
	Volume = {32},
	Year = {1964},
	Bdsk-Url-1 = {http://ptp.oxfordjournals.org/content/32/1/37.short}}

@article{manohar1969spin,
	Author = {Manohar, C},
	Date-Added = {2016-09-05 04:36:18 +0000},
	Date-Modified = {2016-09-05 04:36:18 +0000},
	Journal = {Journal of Physics C: Solid State Physics},
	Number = {9},
	Pages = {1586},
	Publisher = {IOP Publishing},
	Title = {Spin polarization due to sd interaction},
	Volume = {2},
	Year = {1969},
	Bdsk-Url-1 = {http://iopscience.iop.org/article/10.1088/0022-3719/2/9/307/meta}}

@article{fujisawa2002allowed,
	Author = {Fujisawa, Toshimasa and Austing, David Guy and Tokura, Yasuhiro and Hirayama, Yoshiro and Tarucha, Seigo},
	Date-Added = {2016-09-05 04:05:10 +0000},
	Date-Modified = {2016-09-05 04:05:10 +0000},
	Journal = {Nature},
	Number = {6904},
	Pages = {278--281},
	Publisher = {Nature Publishing Group},
	Title = {Allowed and forbidden transitions in artificial hydrogen and helium atoms},
	Volume = {419},
	Year = {2002},
	Bdsk-Url-1 = {http://www.nature.com/nature/journal/v419/n6904/full/nature00976.html}}

@article{hanson2003zeeman,
	Author = {Hanson, R and Witkamp, B and Vandersypen, LMK and van Beveren, LH Willems and Elzerman, JM and Kouwenhoven, LP},
	Date-Added = {2016-09-05 04:02:56 +0000},
	Date-Modified = {2017-01-24 06:18:32 +0000},
	Journal = {Phys Rev. Lett.},
	Number = {19},
	Pages = {196802},
	Publisher = {APS},
	Title = {Zeeman energy and spin relaxation in a one-electron quantum dot},
	Volume = {91},
	Year = {2003},
	Bdsk-Url-1 = {http://journals.aps.org/prl/abstract/10.1103/PhysRevLett.91.196802}}

@article{hussein2016reprint,
	Author = {Hussein, Robert and Kohler, Sigmund and Sols, Fernando},
	Date-Added = {2016-09-03 09:29:10 +0000},
	Date-Modified = {2016-09-03 09:29:10 +0000},
	Journal = {Physica E: Low-dimensional Systems and Nanostructures},
	Publisher = {Elsevier},
	Title = {Reprint of: Heat pump driven by the shot noise of a tunnel contact},
	Year = {2016},
	Bdsk-Url-1 = {http://www.sciencedirect.com/science/article/pii/S1386947715302848}}

@article{averin2005counting,
	Author = {Averin, Dmitri V and Sukhorukov, Eugene V},
	Date-Added = {2016-09-03 09:24:29 +0000},
	Date-Modified = {2017-01-24 06:08:19 +0000},
	Journal = {Phys Rev. Lett.},
	Number = {12},
	Pages = {126803},
	Publisher = {APS},
	Title = {Counting statistics and detector properties of quantum point contacts},
	Volume = {95},
	Year = {2005},
	Bdsk-Url-1 = {http://journals.aps.org/prl/abstract/10.1103/PhysRevLett.95.126803}}

@article{korotkov2001output,
	Author = {Korotkov, Alexander N},
	Date-Added = {2016-09-03 09:19:01 +0000},
	Date-Modified = {2017-01-24 06:13:40 +0000},
	Journal = {Phys. Rev. B.},
	Number = {8},
	Pages = {085312},
	Publisher = {APS},
	Title = {Output spectrum of a detector measuring quantum oscillations},
	Volume = {63},
	Year = {2001},
	Bdsk-Url-1 = {http://journals.aps.org/prb/abstract/10.1103/PhysRevB.63.085312}}

@article{korotkov1999continuous,
	Author = {Korotkov, Alexander N},
	Date-Added = {2016-09-03 09:17:33 +0000},
	Date-Modified = {2017-01-24 06:07:41 +0000},
	Journal = {Phys. Rev. B.},
	Number = {8},
	Pages = {5737},
	Publisher = {APS},
	Title = {Continuous quantum measurement of a double dot},
	Volume = {60},
	Year = {1999},
	Bdsk-Url-1 = {http://journals.aps.org/prb/abstract/10.1103/PhysRevB.60.5737}}

@article{sun2007heat,
	Author = {Sun, Qing-feng and Xie, XC},
	Date-Added = {2016-09-03 09:11:37 +0000},
	Date-Modified = {2017-01-24 06:10:33 +0000},
	Journal = {Phys. Rev. B.},
	Number = {15},
	Pages = {155306},
	Publisher = {APS},
	Title = {Heat generation by electric current in mesoscopic devices},
	Volume = {75},
	Year = {2007},
	Bdsk-Url-1 = {http://journals.aps.org/prb/abstract/10.1103/PhysRevB.75.155306}}

@article{kubo1957statistical,
	Author = {Kubo, Ryogo and Yokota, Mario and Nakajima, Sadao},
	Date-Added = {2016-09-03 08:21:33 +0000},
	Date-Modified = {2016-09-03 08:21:33 +0000},
	Journal = {Journal of the Physical Society of Japan},
	Number = {11},
	Pages = {1203--1211},
	Publisher = {The Physical Society of Japan},
	Title = {Statistical-mechanical theory of irreversible processes. II. Response to thermal disturbance},
	Volume = {12},
	Year = {1957},
	Bdsk-Url-1 = {http://journals.jps.jp/doi/abs/10.1143/JPSJ.12.1203}}

@article{sagawa2011geometrical,
	Author = {Sagawa, Takahiro and Hayakawa, Hisao},
	Date-Added = {2016-09-02 10:13:54 +0000},
	Date-Modified = {2017-01-24 06:10:22 +0000},
	Journal = {Phys. Rev. E.},
	Number = {5},
	Pages = {051110},
	Publisher = {APS},
	Title = {Geometrical expression of excess entropy production},
	Volume = {84},
	Year = {2011},
	Bdsk-Url-1 = {http://journals.aps.org/pre/abstract/10.1103/PhysRevE.84.051110}}

@article{switkes1999adiabatic,
	Author = {Switkes, M and Marcus, CM and Campman, K and Gossard, AC},
	Date-Added = {2016-09-02 10:05:21 +0000},
	Date-Modified = {2016-09-02 10:05:21 +0000},
	Journal = {Science},
	Number = {5409},
	Pages = {1905--1908},
	Publisher = {American Association for the Advancement of Science},
	Title = {An adiabatic quantum electron pump},
	Volume = {283},
	Year = {1999},
	Bdsk-Url-1 = {http://science.sciencemag.org/content/283/5409/1905}}

@article{kemble1935contribution,
	Author = {Kemble, Edwin C},
	Date-Added = {2016-09-02 06:04:43 +0000},
	Date-Modified = {2017-01-24 06:05:53 +0000},
	Journal = {Phys. Rev.},
	Number = {6},
	Pages = {549},
	Publisher = {APS},
	Title = {A contribution to the theory of the BWK method},
	Volume = {48},
	Year = {1935},
	Bdsk-Url-1 = {http://dx.doi.org/10.1103/PhysRev.48.549}}

@article{brouwer1998scattering,
	Author = {Brouwer, PW},
	Date-Added = {2016-09-02 01:50:14 +0000},
	Date-Modified = {2017-01-24 06:16:17 +0000},
	Journal = {Phys. Rev. B.},
	Number = {16},
	Pages = {R10135},
	Publisher = {APS},
	Title = {Scattering approach to parametric pumping},
	Volume = {58},
	Year = {1998},
	Bdsk-Url-1 = {http://journals.aps.org/prb/abstract/10.1103/PhysRevB.58.R10135}}

@article{landau1958quantum,
	Author = {Landau, Lev Davidovich and Lifshitz, Evgenii Mikhailovich and Sykes, JB and Bell, John Stewart and Rose, ME},
	Date-Added = {2016-09-01 08:39:38 +0000},
	Date-Modified = {2017-01-24 06:14:33 +0000},
	Journal = {Phys. Today.},
	Pages = {56},
	Title = {Quantum mechanics, non-relativistic theory},
	Volume = {11},
	Year = {1958},
	Bdsk-Url-1 = {http://adsabs.harvard.edu/abs/1958PhT....11l..56L}}

@article{giazotto2006opportunities,
	Author = {Giazotto, Francesco and Heikkil{\"a}, Tero T and Luukanen, Arttu and Savin, Alexander M and Pekola, Jukka P},
	Date-Added = {2016-09-01 07:32:43 +0000},
	Date-Modified = {2017-01-24 06:13:21 +0000},
	Journal = {Rev. Mod. Phys.},
	Number = {1},
	Pages = {217},
	Publisher = {APS},
	Title = {Opportunities for mesoscopics in thermometry and refrigeration: Physics and applications},
	Volume = {78},
	Year = {2006},
	Bdsk-Url-1 = {http://journals.aps.org/rmp/abstract/10.1103/RevModPhys.78.217}}

@article{esposito2009nonequilibrium,
	Author = {Esposito, Massimiliano and Harbola, Upendra and Mukamel, Shaul},
	Date-Added = {2016-09-01 07:30:03 +0000},
	Date-Modified = {2017-01-24 06:12:51 +0000},
	Journal = {Rev. Mod. Phys.},
	Number = {4},
	Pages = {1665},
	Publisher = {APS},
	Title = {Nonequilibrium fluctuations, fluctuation theorems, and counting statistics in quantum systems},
	Volume = {81},
	Year = {2009},
	Bdsk-Url-1 = {http://journals.aps.org/rmp/abstract/10.1103/RevModPhys.81.1665}}

@incollection{kamenev2002keldysh,
	Author = {Kamenev, Alex},
	Booktitle = {Strongly Correlated Fermions and Bosons in Low-Dimensional Disordered Systems},
	Date-Added = {2016-09-01 07:27:42 +0000},
	Date-Modified = {2016-09-01 07:27:42 +0000},
	Pages = {313--340},
	Publisher = {Springer},
	Title = {Keldysh and Doi-Peliti techniques for out-of-equilibrium systems},
	Year = {2002},
	Bdsk-Url-1 = {https://arxiv.org/abs/cond-mat/0109316}}

@article{levy2002universal,
	Author = {Levy, Jeremy},
	Date-Added = {2016-09-01 05:52:54 +0000},
	Date-Modified = {2017-01-24 06:18:28 +0000},
	Journal = {Phys Rev. Lett.},
	Number = {14},
	Pages = {147902},
	Publisher = {APS},
	Title = {Universal quantum computation with spin-1/2 pairs and Heisenberg exchange},
	Volume = {89},
	Year = {2002},
	Bdsk-Url-1 = {http://journals.aps.org/prl/abstract/10.1103/PhysRevLett.89.147902}}

@article{ankerhold2014heat,
	Author = {Ankerhold, Joachim and Pekola, Jukka P},
	Date-Added = {2016-09-01 05:35:27 +0000},
	Date-Modified = {2017-01-24 06:10:28 +0000},
	Journal = {Phys. Rev. B.},
	Number = {7},
	Pages = {075421},
	Publisher = {APS},
	Title = {Heat due to system-reservoir correlations in thermal equilibrium},
	Volume = {90},
	Year = {2014},
	Bdsk-Url-1 = {http://journals.aps.org/prb/abstract/10.1103/PhysRevB.90.075421}}

@article{gong2015jarzynski,
	Author = {Gong, Zongping and Quan, HT},
	Date-Added = {2016-09-01 05:33:41 +0000},
	Date-Modified = {2017-01-24 06:10:54 +0000},
	Journal = {Phys. Rev. E.},
	Number = {1},
	Pages = {012131},
	Publisher = {APS},
	Title = {Jarzynski equality, Crooks fluctuation theorem, and the fluctuation theorems of heat for arbitrary initial states},
	Volume = {92},
	Year = {2015},
	Bdsk-Url-1 = {http://journals.aps.org/pre/abstract/10.1103/PhysRevE.92.012131}}

@article{jarzynski1997nonequilibrium,
	Author = {Jarzynski, Christopher},
	Date-Added = {2016-09-01 05:32:06 +0000},
	Date-Modified = {2017-01-24 06:12:46 +0000},
	Journal = {Phys Rev. Lett.},
	Number = {14},
	Pages = {2690},
	Publisher = {APS},
	Title = {Nonequilibrium equality for free energy differences},
	Volume = {78},
	Year = {1997},
	Bdsk-Url-1 = {http://journals.aps.org/prl/abstract/10.1103/PhysRevLett.78.2690}}

@article{silaev2014lindblad,
	Author = {Silaev, Mihail and Heikkil{\"a}, Tero T and Virtanen, Pauli},
	Date-Added = {2016-09-01 05:29:35 +0000},
	Date-Modified = {2017-01-24 06:11:10 +0000},
	Journal = {Phys. Rev. E.},
	Number = {2},
	Pages = {022103},
	Publisher = {APS},
	Title = {Lindblad-equation approach for the full counting statistics of work and heat in driven quantum systems},
	Volume = {90},
	Year = {2014},
	Bdsk-Url-1 = {http://journals.aps.org/pre/abstract/10.1103/PhysRevE.90.022103}}

@article{marcos2010finite,
	Author = {Marcos, D and Emary, C and Brandes, T and Aguado, R},
	Date-Added = {2016-09-01 05:26:10 +0000},
	Date-Modified = {2016-09-01 05:26:10 +0000},
	Journal = {New Journal of Physics},
	Number = {12},
	Pages = {123009},
	Publisher = {IOP Publishing},
	Title = {Finite-frequency counting statistics of electron transport: Markovian theory},
	Volume = {12},
	Year = {2010},
	Bdsk-Url-1 = {http://iopscience.iop.org/article/10.1088/1367-2630/12/12/123009/meta}}

@article{cuetara2015double,
	Author = {Cuetara, Gregory Bulnes and Esposito, Massimiliano},
	Date-Added = {2016-09-01 05:25:29 +0000},
	Date-Modified = {2016-09-01 05:25:29 +0000},
	Journal = {New Journal of Physics},
	Number = {9},
	Pages = {095005},
	Publisher = {IOP Publishing},
	Title = {Double quantum dot coupled to a quantum point contact: a stochastic thermodynamics approach},
	Volume = {17},
	Year = {2015},
	Bdsk-Url-1 = {http://iopscience.iop.org/article/10.1088/1367-2630/17/9/095005}}

@article{sanchez2013correlations,
	Author = {S{\'a}nchez, Rafael and Sothmann, Bj{\"o}rn and Jordan, Andrew N and B{\"u}ttiker, Markus},
	Date-Added = {2016-09-01 05:12:02 +0000},
	Date-Modified = {2016-09-01 05:12:02 +0000},
	Journal = {New Journal of Physics},
	Number = {12},
	Pages = {125001},
	Publisher = {IOP Publishing},
	Title = {Correlations of heat and charge currents in quantum-dot thermoelectric engines},
	Volume = {15},
	Year = {2013},
	Bdsk-Url-1 = {http://iopscience.iop.org/article/10.1088/1367-2630/15/12/125001}}

@article{saraga2005coulomb,
	Author = {Saraga, DS and Altshuler, BL and Loss, Daniel and Westervelt, RM},
	Date-Added = {2016-09-01 05:07:02 +0000},
	Date-Modified = {2017-01-24 06:08:13 +0000},
	Journal = {Phys. Rev. B.},
	Number = {4},
	Pages = {045338},
	Publisher = {APS},
	Title = {Coulomb scattering cross section in a two-dimensional electron gas and production of entangled electrons},
	Volume = {71},
	Year = {2005},
	Bdsk-Url-1 = {http://journals.aps.org/prb/abstract/10.1103/PhysRevB.71.045338}}

@article{erlingsson2002hyperfine,
	Author = {Erlingsson, Sigurdur I and Nazarov, Yuli V},
	Date-Added = {2016-08-31 05:14:47 +0000},
	Date-Modified = {2017-01-24 06:10:43 +0000},
	Journal = {Phys. Rev. B.},
	Number = {15},
	Pages = {155327},
	Publisher = {APS},
	Title = {Hyperfine-mediated transitions between a Zeeman split doublet in GaAs quantum dots: The role of the internal field},
	Volume = {66},
	Year = {2002},
	Bdsk-Url-1 = {http://journals.aps.org/prb/abstract/10.1103/PhysRevB.66.155327}}

@article{salis2001origin,
	Author = {Salis, G and Awschalom, DD and Ohno, Y and Ohno, H},
	Date-Added = {2016-08-31 04:28:13 +0000},
	Date-Modified = {2017-01-24 06:13:35 +0000},
	Journal = {Phys. Rev. B.},
	Number = {19},
	Pages = {195304},
	Publisher = {APS},
	Title = {Origin of enhanced dynamic nuclear polarization and all-optical nuclear magnetic resonance in GaAs quantum wells},
	Volume = {64},
	Year = {2001},
	Bdsk-Url-1 = {http://journals.aps.org/prb/abstract/10.1103/PhysRevB.64.195304}}

@article{salis2001optical,
	Author = {Salis, G and Fuchs, DT and Kikkawa, JM and Awschalom, DD and Ohno, Y and Ohno, H},
	Date-Added = {2016-08-31 04:27:04 +0000},
	Date-Modified = {2017-01-24 06:13:26 +0000},
	Journal = {Phys Rev. Lett.},
	Number = {12},
	Pages = {2677},
	Publisher = {APS},
	Title = {Optical manipulation of nuclear spin by a two-dimensional electron gas},
	Volume = {86},
	Year = {2001},
	Bdsk-Url-1 = {http://journals.aps.org/prl/abstract/10.1103/PhysRevLett.86.2677}}

@article{kikkawa1998resonant,
	Author = {Kikkawa, JM and Awschalom, DD},
	Date-Added = {2016-08-31 04:24:49 +0000},
	Date-Modified = {2017-01-24 06:16:02 +0000},
	Journal = {Phys Rev. Lett.},
	Number = {19},
	Pages = {4313},
	Publisher = {APS},
	Title = {Resonant spin amplification in n-type GaAs},
	Volume = {80},
	Year = {1998},
	Bdsk-Url-1 = {http://journals.aps.org/prl/abstract/10.1103/PhysRevLett.80.4313}}

@article{aleiner2001spin,
	Author = {Aleiner, IL and Fal'Ko, Vladimir I},
	Date-Added = {2016-08-31 04:11:32 +0000},
	Date-Modified = {2017-01-24 06:17:15 +0000},
	Journal = {Phys Rev. Lett.},
	Number = {25},
	Pages = {256801},
	Publisher = {APS},
	Title = {Spin-orbit coupling effects on quantum transport in lateral semiconductor dots},
	Volume = {87},
	Year = {2001},
	Bdsk-Url-1 = {http://journals.aps.org/prl/abstract/10.1103/PhysRevLett.87.256801}}

@article{halperin2001spin,
	Author = {Halperin, BI and Stern, Ady and Oreg, Yuval and Cremers, JNHJ and Folk, JA and Marcus, CM},
	Date-Added = {2016-08-31 04:09:53 +0000},
	Date-Modified = {2017-01-24 06:17:19 +0000},
	Journal = {Phys Rev. Lett.},
	Number = {10},
	Pages = {2106},
	Publisher = {APS},
	Title = {Spin-orbit effects in a GaAs quantum dot in a parallel magnetic field},
	Volume = {86},
	Year = {2001},
	Bdsk-Url-1 = {http://journals.aps.org/prl/abstract/10.1103/PhysRevLett.86.2106}}

@article{khaetskii2001spin,
	Author = {Khaetskii, Alexander V and Nazarov, Yuli V},
	Date-Added = {2016-08-31 04:08:53 +0000},
	Date-Modified = {2017-01-24 06:17:05 +0000},
	Journal = {Phys. Rev. B.},
	Number = {12},
	Pages = {125316},
	Publisher = {APS},
	Title = {Spin-flip transitions between Zeeman sublevels in semiconductor quantum dots},
	Volume = {64},
	Year = {2001},
	Bdsk-Url-1 = {http://journals.aps.org/prb/abstract/10.1103/PhysRevB.64.125316}}

@article{khaetskii2000spin,
	Author = {Khaetskii, Alexander V and Nazarov, Yuli V},
	Date-Added = {2016-08-31 04:08:04 +0000},
	Date-Modified = {2017-01-24 06:16:57 +0000},
	Journal = {Phys. Rev. B.},
	Number = {19},
	Pages = {12639},
	Publisher = {APS},
	Title = {Spin relaxation in semiconductor quantum dots},
	Volume = {61},
	Year = {2000},
	Bdsk-Url-1 = {http://journals.aps.org/prb/abstract/10.1103/PhysRevB.61.12639}}

@article{khaetskii2003electron,
	Author = {Khaetskii, Alexander and Loss, Daniel and Glazman, Leonid},
	Date-Added = {2016-08-31 04:05:59 +0000},
	Date-Modified = {2017-01-24 06:08:57 +0000},
	Journal = {Phys. Rev. B.},
	Number = {19},
	Pages = {195329},
	Publisher = {APS},
	Title = {Electron spin evolution induced by interaction with nuclei in a quantum dot},
	Volume = {67},
	Year = {2003},
	Bdsk-Url-1 = {http://journals.aps.org/prb/abstract/10.1103/PhysRevB.67.195329}}

@article{khaetskii2002electron,
	Author = {Khaetskii, Alexander V and Loss, Daniel and Glazman, Leonid},
	Date-Added = {2016-08-31 04:04:32 +0000},
	Date-Modified = {2017-01-24 06:08:50 +0000},
	Journal = {Phys Rev. Lett.},
	Number = {18},
	Pages = {186802},
	Publisher = {APS},
	Title = {Electron spin decoherence in quantum dots due to interaction with nuclei},
	Volume = {88},
	Year = {2002},
	Bdsk-Url-1 = {http://journals.aps.org/prl/abstract/10.1103/PhysRevLett.88.186802}}

@article{skinner2003hydrogenic,
	Author = {Skinner, AJ and Davenport, ME and Kane, Bruce E},
	Date-Added = {2016-08-31 04:01:12 +0000},
	Date-Modified = {2017-01-24 06:10:38 +0000},
	Journal = {Phys Rev. Lett.},
	Number = {8},
	Pages = {087901},
	Publisher = {APS},
	Title = {Hydrogenic spin quantum computing in silicon: a digital approach},
	Volume = {90},
	Year = {2003},
	Bdsk-Url-1 = {http://journals.aps.org/prl/abstract/10.1103/PhysRevLett.90.087901}}

@article{kielpinski2002architecture,
	Author = {Kielpinski, David and Monroe, Chris and Wineland, David J},
	Date-Added = {2016-08-31 02:47:50 +0000},
	Date-Modified = {2016-08-31 02:47:50 +0000},
	Journal = {Nature},
	Number = {6890},
	Pages = {709--711},
	Publisher = {Nature Publishing Group},
	Title = {Architecture for a large-scale ion-trap quantum computer},
	Volume = {417},
	Year = {2002},
	Bdsk-Url-1 = {http://www.nature.com/nature/journal/v417/n6890/full/nature00784.html}}

@article{baker1990non,
	Author = {Baker, Howard C and Singleton Jr, Robert L},
	Date-Added = {2016-08-30 05:53:14 +0000},
	Date-Modified = {2017-01-24 06:12:56 +0000},
	Journal = {Phys. Rev. A.},
	Number = {1},
	Pages = {10},
	Publisher = {APS},
	Title = {Non-Hermitian quantum dynamics},
	Volume = {42},
	Year = {1990},
	Bdsk-Url-1 = {http://journals.aps.org/pra/pdf/10.1103/PhysRevA.42.10}}

@article{rokni1995joule,
	Author = {Rokni, Michal and Levinson, Y},
	Date-Added = {2016-08-30 04:43:27 +0000},
	Date-Modified = {2017-01-24 06:10:58 +0000},
	Journal = {Phys. Rev. B.},
	Number = {3},
	Pages = {1882},
	Publisher = {APS},
	Title = {Joule heat in point contacts},
	Volume = {52},
	Year = {1995},
	Bdsk-Url-1 = {http://journals.aps.org/prb/abstract/10.1103/PhysRevB.52.1882}}

@article{wiseman1996quantum,
	Author = {Wiseman, HM},
	Date-Added = {2016-08-30 04:39:01 +0000},
	Date-Modified = {2016-08-30 04:39:01 +0000},
	Journal = {Quantum and Semiclassical Optics: Journal of the European Optical Society Part B},
	Number = {1},
	Pages = {205},
	Publisher = {IOP Publishing},
	Title = {Quantum trajectories and quantum measurement theory},
	Volume = {8},
	Year = {1996},
	Bdsk-Url-1 = {http://iopscience.iop.org/article/10.1088/1355-5111/8/1/015/meta}}

@article{wiseman1994quantum,
	Author = {Wiseman, HM},
	Date-Added = {2016-08-30 04:35:41 +0000},
	Date-Modified = {2017-01-24 06:15:00 +0000},
	Journal = {Phys. Rev. A.},
	Number = {3},
	Pages = {2133},
	Publisher = {APS},
	Title = {Quantum theory of continuous feedback},
	Volume = {49},
	Year = {1994},
	Bdsk-Url-1 = {http://journals.aps.org/pra/abstract/10.1103/PhysRevA.49.2133}}

@article{carmichael1993quantum,
	Author = {Carmichael, HJ},
	Date-Added = {2016-08-30 04:34:00 +0000},
	Date-Modified = {2017-01-24 06:15:07 +0000},
	Journal = {Phys Rev. Lett.},
	Number = {15},
	Pages = {2273},
	Publisher = {APS},
	Title = {Quantum trajectory theory for cascaded open systems},
	Volume = {70},
	Year = {1993},
	Bdsk-Url-1 = {http://journals.aps.org/prl/abstract/10.1103/PhysRevLett.70.2273}}

@article{abbott2016observation,
	Author = {Abbott, BP and Abbott, Richard and Abbott, TD and Abernathy, MR and Acernese, Fausto and Ackley, Kendall and Adams, Carl and Adams, Thomas and Addesso, Paolo and Adhikari, RX and others},
	Date-Added = {2016-08-30 03:14:26 +0000},
	Date-Modified = {2017-01-24 06:12:26 +0000},
	Journal = {Phys Rev. Lett.},
	Number = {6},
	Pages = {061102},
	Publisher = {APS},
	Title = {Observation of gravitational waves from a binary black hole merger},
	Volume = {116},
	Year = {2016},
	Bdsk-Url-1 = {http://journals.aps.org/prl/abstract/10.1103/PhysRevLett.116.061102}}

@article{govenius2015parity,
	Author = {Govenius, J and Matsuzaki, Y and Savenko, IG and M{\"o}tt{\"o}nen, M},
	Date-Added = {2016-08-30 03:13:05 +0000},
	Date-Modified = {2017-01-24 06:13:44 +0000},
	Journal = {Phys. Rev. A.},
	Number = {4},
	Pages = {042305},
	Publisher = {APS},
	Title = {Parity measurement of remote qubits using dispersive coupling and photodetection},
	Volume = {92},
	Year = {2015},
	Bdsk-Url-1 = {http://journals.aps.org/pra/abstract/10.1103/PhysRevA.92.042305}}

@article{bagrets2003full,
	Author = {Bagrets, DA and Nazarov, Yu V},
	Date-Added = {2016-08-30 03:11:06 +0000},
	Date-Modified = {2017-01-24 06:10:08 +0000},
	Journal = {Phys. Rev. B.},
	Number = {8},
	Pages = {085316},
	Publisher = {APS},
	Title = {Full counting statistics of charge transfer in Coulomb blockade systems},
	Volume = {67},
	Year = {2003},
	Bdsk-Url-1 = {http://journals.aps.org/prb/abstract/10.1103/PhysRevB.67.085316}}

@article{samuelsson2003orbital,
	Author = {Samuelsson, P and Sukhorukov, EV and B{\"u}ttiker, M},
	Date-Added = {2016-08-30 00:55:12 +0000},
	Date-Modified = {2017-01-24 06:13:30 +0000},
	Journal = {Phys Rev. Lett.},
	Number = {15},
	Pages = {157002},
	Publisher = {APS},
	Title = {Orbital entanglement and violation of Bell inequalities in mesoscopic conductors},
	Volume = {91},
	Year = {2003},
	Bdsk-Url-1 = {http://journals.aps.org/prl/abstract/10.1103/PhysRevLett.91.157002}}

@article{saraga2003spin,
	Author = {Saraga, Daniel S and Loss, Daniel},
	Date-Added = {2016-08-29 08:25:26 +0000},
	Date-Modified = {2017-01-24 06:17:01 +0000},
	Journal = {Phys Rev. Lett.},
	Number = {16},
	Pages = {166803},
	Publisher = {APS},
	Title = {Spin-entangled currents created by a triple quantum dot},
	Volume = {90},
	Year = {2003},
	Bdsk-Url-1 = {http://journals.aps.org/prl/abstract/10.1103/PhysRevLett.90.166803}}

@article{burkard1999coupled,
	Author = {Burkard, Guido and Loss, Daniel and DiVincenzo, David P},
	Date-Added = {2016-08-29 08:17:15 +0000},
	Date-Modified = {2017-01-24 06:08:25 +0000},
	Journal = {Phys. Rev. B.},
	Number = {3},
	Pages = {2070},
	Publisher = {APS},
	Title = {Coupled quantum dots as quantum gates},
	Volume = {59},
	Year = {1999},
	Bdsk-Url-1 = {http://journals.aps.org/prb/abstract/10.1103/PhysRevB.59.2070}}

@article{beenakker2003proposal,
	Author = {Beenakker, CWJ and Emary, C and Kindermann, M and Van Velsen, JL},
	Date-Added = {2016-08-29 08:10:35 +0000},
	Date-Modified = {2017-01-24 06:14:00 +0000},
	Journal = {Phys Rev. Lett.},
	Number = {14},
	Pages = {147901},
	Publisher = {APS},
	Title = {Proposal for production and detection of entangled electron-hole pairs in a degenerate electron gas},
	Volume = {91},
	Year = {2003},
	Bdsk-Url-1 = {http://journals.aps.org/prl/abstract/10.1103/PhysRevLett.91.147901}}

@article{lebedev2004entanglement,
	Author = {Lebedev, AV and Blatter, G and Beenakker, CWJ and Lesovik, GB},
	Date-Added = {2016-08-29 08:08:47 +0000},
	Date-Modified = {2017-01-24 06:09:03 +0000},
	Journal = {Phys. Rev. B.},
	Number = {23},
	Pages = {235312},
	Publisher = {APS},
	Title = {Entanglement in mesoscopic structures: Role of projection},
	Volume = {69},
	Year = {2004},
	Bdsk-Url-1 = {http://journals.aps.org/prb/abstract/10.1103/PhysRevB.69.235312}}

@article{samuelsson2004two,
	Author = {Samuelsson, P and Sukhorukov, Evgeny V and B{\"u}ttiker, Markus},
	Date-Added = {2016-08-29 08:07:33 +0000},
	Date-Modified = {2017-01-24 06:18:16 +0000},
	Journal = {Phys Rev. Lett.},
	Number = {2},
	Pages = {026805},
	Publisher = {APS},
	Title = {Two-particle Aharonov-Bohm effect and entanglement in the electronic Hanbury Brown--Twiss setup},
	Volume = {92},
	Year = {2004},
	Bdsk-Url-1 = {http://journals.aps.org/prl/abstract/10.1103/PhysRevLett.92.026805}}

@article{koashi2004monogamy,
	Author = {Koashi, Masato and Winter, Andreas},
	Date-Added = {2016-08-29 07:33:17 +0000},
	Date-Modified = {2017-01-24 06:11:37 +0000},
	Journal = {Phys. Rev. A.},
	Number = {2},
	Pages = {022309},
	Publisher = {APS},
	Title = {Monogamy of quantum entanglement and other correlations},
	Volume = {69},
	Year = {2004},
	Bdsk-Url-1 = {http://journals.aps.org/pra/abstract/10.1103/PhysRevA.69.022309}}

@article{oliver2002electron,
	Author = {Oliver, William D and Yamaguchi, F and Yamamoto, Y},
	Date-Added = {2016-08-29 06:17:48 +0000},
	Date-Modified = {2017-01-24 06:08:42 +0000},
	Journal = {Phys Rev. Lett.},
	Number = {3},
	Pages = {037901},
	Publisher = {APS},
	Title = {Electron entanglement via a quantum dot},
	Volume = {88},
	Year = {2002},
	Bdsk-Url-1 = {http://journals.aps.org/prl/abstract/10.1103/PhysRevLett.88.037901}}

@article{petta2005coherent,
	Author = {Petta, Jason R and Johnson, Alexander Comstock and Taylor, Jacob M and Laird, Edward A and Yacoby, Amir and Lukin, Mikhail D and Marcus, Charles M and Hanson, Micah P and Gossard, Arthur C},
	Date-Added = {2016-08-29 06:15:05 +0000},
	Date-Modified = {2016-08-29 06:15:05 +0000},
	Journal = {Science},
	Number = {5744},
	Pages = {2180--2184},
	Publisher = {American Association for the Advancement of Science},
	Title = {Coherent manipulation of coupled electron spins in semiconductor quantum dots},
	Volume = {309},
	Year = {2005},
	Bdsk-Url-1 = {http://science.sciencemag.org/content/309/5744/2180}}

@article{divincenzo2000universal,
	Author = {DiVincenzo, David P and Bacon, Dave and Kempe, Julia and Burkard, Guido and Whaley, K Birgitta},
	Date-Added = {2016-08-29 06:13:33 +0000},
	Date-Modified = {2016-08-29 06:13:33 +0000},
	Journal = {Nature},
	Number = {6810},
	Pages = {339--342},
	Publisher = {Nature Publishing Group},
	Title = {Universal quantum computation with the exchange interaction},
	Volume = {408},
	Year = {2000},
	Bdsk-Url-1 = {http://www.nature.com/nature/journal/v408/n6810/full/408339a0.html}}

@misc{bell1964einstein,
	Author = {Bell, John S},
	Date-Added = {2016-08-29 04:56:03 +0000},
	Date-Modified = {2016-08-29 04:56:03 +0000},
	Title = {On the einstein podolsky rosen paradox},
	Year = {1964}}

@article{buttiker1990quantized,
	Author = {B{\"u}ttiker, M},
	Date-Added = {2016-08-21 14:09:51 +0000},
	Date-Modified = {2017-01-24 06:14:09 +0000},
	Journal = {Phys. Rev. B.},
	Number = {11},
	Pages = {7906},
	Publisher = {APS},
	Title = {Quantized transmission of a saddle-point constriction},
	Volume = {41},
	Year = {1990},
	Bdsk-Url-1 = {http://journals.aps.org/prb/abstract/10.1103/PhysRevB.41.7906}}

@article{buttiker1992scattering,
	Author = {B{\"u}ttiker, M},
	Date-Added = {2016-08-20 06:30:56 +0000},
	Date-Modified = {2017-01-24 06:16:24 +0000},
	Journal = {Phys. Rev. B.},
	Number = {19},
	Pages = {12485},
	Publisher = {APS},
	Title = {Scattering theory of current and intensity noise correlations in conductors and wave guides},
	Volume = {46},
	Year = {1992},
	Bdsk-Url-1 = {http://journals.aps.org/prb/abstract/10.1103/PhysRevB.46.12485}}

@book{nazarov2009quantum,
	Author = {Nazarov, Yuli V and Blanter, Yaroslav M},
	Date-Added = {2016-08-20 06:30:30 +0000},
	Date-Modified = {2016-08-20 06:30:30 +0000},
	Publisher = {Cambridge University Press},
	Title = {Quantum transport: introduction to nanoscience},
	Year = {2009},
	Bdsk-Url-1 = {http://www.cambridge.org/us/academic/subjects/physics/condensed-matter-physics-nanoscience-and-mesoscopic-physics/quantum-transport-introduction-nanoscience}}

@article{chen2011non,
	Author = {Chen, Po-Wen and Jian, Chung-Chin and Goan, Hsi-Sheng},
	Date-Added = {2016-08-19 05:53:48 +0000},
	Date-Modified = {2017-01-24 06:12:34 +0000},
	Journal = {Phys. Rev. B.},
	Number = {11},
	Pages = {115439},
	Publisher = {APS},
	Title = {Non-Markovian dynamics of a nanomechanical resonator measured by a quantum point contact},
	Volume = {83},
	Year = {2011},
	Bdsk-Url-1 = {http://journals.aps.org/prb/abstract/10.1103/PhysRevB.83.115439}}

@article{goan2001continuous,
	Author = {Goan, Hsi-Sheng and Milburn, Gerard J and Wiseman, Howard Mark and Sun, He Bi},
	Date-Added = {2016-08-02 23:59:03 +0000},
	Date-Modified = {2017-01-24 06:07:49 +0000},
	Journal = {Phys. Rev. B.},
	Number = {12},
	Pages = {125326},
	Publisher = {APS},
	Title = {Continuous quantum measurement of two coupled quantum dots using a point contact: A quantum trajectory approach},
	Volume = {63},
	Year = {2001},
	Bdsk-Url-1 = {http://journals.aps.org/prb/abstract/10.1103/PhysRevB.63.125326}}

@article{lin2015locality,
	Author = {Lin, Jennifer and Marcolli, Matilde and Ooguri, Hirosi and Stoica, Bogdan},
	Date-Added = {2016-06-18 16:49:08 +0000},
	Date-Modified = {2017-01-24 06:11:14 +0000},
	Journal = {Phys Rev. Lett.},
	Number = {22},
	Pages = {221601},
	Publisher = {APS},
	Title = {Locality of gravitational systems from entanglement of conformal field theories},
	Volume = {114},
	Year = {2015},
	Bdsk-Url-1 = {http://journals.aps.org/prl/abstract/10.1103/PhysRevLett.114.221601}}

@article{Einstein:1935fk,
	Author = {A. Einstein"},
	Date-Added = {2016-06-17 16:47:21 +0000},
	Date-Modified = {2017-01-24 06:06:27 +0000},
	Doi = {10.1103/PhysRev.47.777},
	Journal = {Phys. Rev.},
	Number = {10},
	Pages = {777--780},
	Title = {Can Quantum-Mechanical Description of Physical Reality Be Considered Complete?},
	Volume = {47},
	Year = {1935},
	Bdsk-Url-1 = {http://dx.doi.org/10.1103/PhysRev.47.777}}

@article{johansson2012qutip,
	Author = {Johansson, JR and Nation, PD and Nori, Franco},
	Date-Added = {2016-06-17 07:41:24 +0000},
	Date-Modified = {2016-06-17 07:41:24 +0000},
	Journal = {Computer Physics Communications},
	Number = {8},
	Pages = {1760--1772},
	Publisher = {Elsevier},
	Title = {QuTiP: An open-source Python framework for the dynamics of open quantum systems},
	Volume = {183},
	Year = {2012},
	Bdsk-Url-1 = {http://www.sciencedirect.com/science/article/pii/S0010465512000835}}

@article{schrieffer1966relation,
	Author = {Schrieffer, JR and Wolff, PA},
	Date-Added = {2016-06-17 07:06:43 +0000},
	Date-Modified = {2017-01-24 06:15:30 +0000},
	Journal = {Phys. Rev.},
	Number = {2},
	Pages = {491},
	Publisher = {APS},
	Title = {Relation between the anderson and kondo hamiltonians},
	Volume = {149},
	Year = {1966},
	Bdsk-Url-1 = {http://journals.aps.org/pr/abstract/10.1103/PhysRev.149.491}}

@book{gantmakher2012carrier,
	Author = {Gantmakher, VF and Levinson, YB},
	Date-Added = {2016-06-17 07:05:26 +0000},
	Date-Modified = {2016-06-17 07:05:26 +0000},
	Publisher = {Elsevier},
	Title = {Carrier scattering in metals and semiconductors},
	Volume = {19},
	Year = {2012},
	Bdsk-Url-1 = {http://adsabs.harvard.edu/abs/1988PhT....41a..84G}}

@article{bouwmeester1997experimental,
	Author = {Bouwmeester, Dik and Pan, Jian-Wei and Mattle, Klaus and Eibl, Manfred and Weinfurter, Harald and Zeilinger, Anton},
	Date-Added = {2016-06-17 07:03:32 +0000},
	Date-Modified = {2016-06-17 07:03:32 +0000},
	Journal = {Nature},
	Number = {6660},
	Pages = {575--579},
	Publisher = {Nature Publishing Group},
	Title = {Experimental quantum teleportation},
	Volume = {390},
	Year = {1997},
	Bdsk-Url-1 = {http://www.nature.com/nature/journal/v390/n6660/abs/390575a0.html}}

@article{elzerman2004single,
	Author = {Elzerman, JM and Hanson, R and Van Beveren, LH Willems and Witkamp, B and Vandersypen, LMK and Kouwenhoven, Leo P},
	Date-Added = {2016-06-17 07:02:39 +0000},
	Date-Modified = {2016-06-17 07:02:39 +0000},
	Journal = {nature},
	Number = {6998},
	Pages = {431--435},
	Publisher = {Nature Publishing Group},
	Title = {Single-shot read-out of an individual electron spin in a quantum dot},
	Volume = {430},
	Year = {2004},
	Bdsk-Url-1 = {http://www.nature.com/nature/journal/v430/n6998/abs/nature02693.html}}

@article{marcinowski2013phonon,
	Author = {Marcinowski, {\L}ukasz and Roszak, Katarzyna and Machnikowski, Pawe{\l} and Krzy{\.z}osiak, Mateusz},
	Date-Added = {2016-06-17 07:01:54 +0000},
	Date-Modified = {2017-01-24 06:13:48 +0000},
	Journal = {Phys. Rev. B.},
	Number = {12},
	Pages = {125303},
	Publisher = {APS},
	Title = {Phonon influence on the measurement of spin states in double quantum dots using the quantum point contact},
	Volume = {88},
	Year = {2013},
	Bdsk-Url-1 = {http://journals.aps.org/prb/abstract/10.1103/PhysRevB.88.125303}}

@article{ciccarello2010teleportation,
	Author = {Ciccarello, Francesco and Bose, Sougato and Zarcone, Michelangelo},
	Date-Added = {2016-06-17 07:00:45 +0000},
	Date-Modified = {2017-01-24 06:17:42 +0000},
	Journal = {Phys. Rev. A.},
	Number = {4},
	Pages = {042318},
	Publisher = {APS},
	Title = {Teleportation between distant qudits via scattering of mobile qubits},
	Volume = {81},
	Year = {2010},
	Bdsk-Url-1 = {http://journals.aps.org/pra/abstract/10.1103/PhysRevA.81.042318}}

@article{golovach2004phonon,
	Author = {Golovach, Vitaly N and Khaetskii, Alexander and Loss, Daniel},
	Date-Added = {2016-06-17 06:59:40 +0000},
	Date-Modified = {2017-01-24 06:13:52 +0000},
	Journal = {Phys Rev. Lett.},
	Number = {1},
	Pages = {016601},
	Publisher = {APS},
	Title = {Phonon-induced decay of the electron spin in quantum dots},
	Volume = {93},
	Year = {2004},
	Bdsk-Url-1 = {http://journals.aps.org/prl/abstract/10.1103/PhysRevLett.93.016601}}

@book{wiseman2009quantum,
	Author = {Wiseman, Howard M and Milburn, Gerard J},
	Date-Added = {2016-06-17 03:55:53 +0000},
	Date-Modified = {2016-06-17 06:34:20 +0000},
	Publisher = {Cambridge University Press},
	Title = {Quantum measurement and control},
	Year = {2009},
	Bdsk-Url-1 = {http://www.cambridge.org/us/academic/subjects/physics/quantum-physics-quantum-information-and-quantum-computation/quantum-measurement-and-control}}

@book{nielsen2010quantum,
	Author = {Nielsen, Michael A and Chuang, Isaac L},
	Date-Added = {2016-06-17 03:55:13 +0000},
	Date-Modified = {2016-06-17 06:33:37 +0000},
	Publisher = {Cambridge university press},
	Title = {Quantum computation and quantum information},
	Year = {2010},
	Bdsk-Url-1 = {http://www.cambridge.org/us/academic/subjects/physics/quantum-physics-quantum-information-and-quantum-computation/quantum-computation-and-quantum-information-10th-anniversary-edition}}

@article{loss2000probing,
	Author = {Daniel Loss},
	Date-Added = {2016-06-17 03:54:33 +0000},
	Date-Modified = {2017-04-29 23:03:20 +0000},
	Doi = {10.1103/PhysRevLett.84.1035},
	Journal = {Phys Rev. Lett.},
	Number = {5},
	Pages = {1035--1038},
	Title = {Probing Entanglement and Nonlocality of Electrons in a Double-Dot via Transport and Noise},
	Volume = {84},
	Year = {2000},
	Bdsk-Url-1 = {http://dx.doi.org/10.1103/PhysRevLett.84.1035}}

@article{loss1998quantum,
	Author = {Daniel Loss and David. P. DiVincenzo},
	Date-Added = {2016-06-17 03:53:47 +0000},
	Date-Modified = {2017-01-24 06:14:17 +0000},
	Doi = {10.1103/PhysRevA.57.120},
	Journal = {Phys. Rev. A.},
	Number = {1},
	Pages = {120--126},
	Title = {Quantum computation with quantum dots},
	Volume = {57},
	Year = {1998},
	Bdsk-Url-1 = {http://dx.doi.org/10.1103/PhysRevA.57.120}}

@article{goldhaber1998kondo,
	Author = {Goldhaber-Gordon, David and Shtrikman, Hadas and Mahalu, D and Abusch-Magder, David and Meirav, U and Kastner, MA},
	Date-Added = {2016-06-17 03:51:59 +0000},
	Date-Modified = {2016-06-17 06:30:42 +0000},
	Journal = {Nature},
	Number = {6663},
	Pages = {156--159},
	Publisher = {Nature Publishing Group},
	Title = {Kondo effect in a single-electron transistor},
	Volume = {391},
	Year = {1998},
	Bdsk-Url-1 = {http://www.nature.com/nature/journal/v391/n6663/abs/391156a0.html}}

@article{costa2006entanglement,
	Author = {A. T. Costa and Jr., S. Bose and Y. Omar},
	Date-Added = {2016-06-17 03:49:18 +0000},
	Date-Modified = {2017-04-29 23:05:11 +0000},
	Journal = {Phys Rev. Lett.},
	Number = {23},
	Title = {Entanglement of Two Impurities through Electron Scattering},
	Volume = {96},
	Year = {2006},
	Bdsk-Url-1 = {http://dx.doi.org/10.1103/PhysRevLett.96.230501}}
